% Encoding: UTF-8
@Book{Tietze2019,
  author    = {Tietze, Ulrich and Schenk, Christoph and Gamm, Eberhard},
  title     = {Halbleiter-Schaltungstechnik},
  year      = {2019},
  publisher = {Springer-Verlag GmbH},
  isbn      = {3662485532},
  ean       = {9783662485538},
}
@Article{Vaelimaeki2006,
  author    = {Vesa Välimäki and Antti Huovilainen},
  journal   = {Computer Music Journal},
  title     = {Oscillator and Filter Algorithms for Virtual Analog Synthesis},
  year      = {2006},
  issn      = {01489267, 15315169},
  number    = {2},
  pages     = {19--31},
  volume    = {30},
  publisher = {The MIT Press},
  url       = {http://www.jstor.org/stable/3682001},
}

@InProceedings{Stilson1996,
  author = {Timothy S. Stilson and J. O. Smith},
  title  = {Analyzing the Moog VCF with Considerations for Digital Implementation},
  year   = {1996},
}

@Comment{jabref-meta: databaseType:bibtex;}
