% Encoding: UTF-8
@Book{Tietze2019,
  author    = {Tietze, Ulrich and Schenk, Christoph and Gamm, Eberhard},
  title     = {Halbleiter-Schaltungstechnik},
  year      = {2019},
  publisher = {Springer-Verlag GmbH},
  isbn      = {3662485532},
  ean       = {9783662485538},
}
@Article{Vaelimaeki2006,
  author    = {Vesa Välimäki and Antti Huovilainen},
  journal   = {Computer Music Journal},
  title     = {Oscillator and Filter Algorithms for Virtual Analog Synthesis},
  year      = {2006},
  issn      = {01489267, 15315169},
  number    = {2},
  pages     = {19--31},
  volume    = {30},
  publisher = {The MIT Press},
  url       = {http://www.jstor.org/stable/3682001},
}

@InProceedings{Stilson1996,
  author = {Timothy S. Stilson and J. O. Smith},
  title  = {Analyzing the Moog VCF with Considerations for Digital Implementation},
  year   = {1996},
}

@Conference{Moog1965,
  author    = {Moog, Robert A.},
  booktitle = {Audio Engineering Society Convention 17},
  title     = {A Voltage-Controlled Low-Pass High-Pass Filter for Audio Signal Processing},
  year      = {1965},
  month     = {Oct},
  url       = {http://www.aes.org/e-lib/browse.cfm?elib=1027},
}

@InProceedings{Huovilainen2004,
  author    = {Huovilainen, Antti},
  booktitle = {Proceedings of the International Conference on Digital Audio Effects (DAFx-04)},
  title     = {Non-linear digital implementation of the Moog ladder filter},
  year      = {2004},
  pages     = {61--64},
}

@Article{McPherson2015,
  author  = {McPherson, Andrew and Zappi, Victor},
  journal = {Journal of the audio engineering society},
  title   = {An environment for submillisecond-latency audio and sensor processing on beaglebone black},
  year    = {2015},
  month   = {may},
}

@Misc{Freescale2008,
  author = {{Freescale Semiconductor}},
  title  = {MMA7361L ±1.5g, ±6g Three Axis Low-g Micromachined Accelerometer Datasheet},
  year   = {2008},
}

@InProceedings{Harris1998,
  author    = {Harris, MN and Kelly, R and McLeod, DA and Story, MJ},
  booktitle = {AES 20th Conference},
  title     = {Effects in High Sample Rate Audio Material},
  year      = {1998},
}

@Article{Sipos2012,
  author  = {M. {Sipos} and P. {Paces} and J. {Rohac} and P. {Novacek}},
  journal = {IEEE Sensors Journal},
  title   = {Analyses of Triaxial Accelerometer Calibration Algorithms},
  year    = {2012},
  number  = {5},
  pages   = {1157-1165},
  volume  = {12},
  doi     = {10.1109/JSEN.2011.2167319},
}

@Comment{jabref-meta: databaseType:bibtex;}
